2850 4895
922 394 927 409 .
985 392 1088 415 ....
1122 287 1321 428 25
1385 395 1488 419 ..-

392 428 576 564 Sed
607 476 1002 598 commodis
1053 472 1228 562 situs
1282 481 1624 585 expositis
1667 483 2120 577 incommoda
2159 512 2240 567 et.
2283 495 2287 501 '

225 601 411 675 mala
439 629 526 678 ex
550 629 640 694 eo
669 603 967 678 orientia
997 631 1146 678 ιιοιι
1178 607 1465 691 tacenda
1506 629 1689 684 sunt.
1791 612 1923 688 Illa
1946 616 2233 711 facultas

229 731 501 833 omnia,
558 752 1024 834 quaecunque
1058 731 1261 833 cupit
1297 733 1605 824 animus,
1631 740 1947 840 parandi
1980 744 2234 819 molles

231 856 467 931 reddit
502 880 753 947 mores
801 879 887 971 et
922 855 1283 947 delicatos,
1343 887 1476 933 nec
1510 862 1682 965 sinit
1734 890 1878 939 esse
1912 868 2231 946 modicos

232 1006 301 1077 et
353 985 733 1088 simplices.
776 1068 779 1073 ⁵
846 993 1233 1084 Mercatura
1249 1040 1269 1073 ‚
1344 1007 1489 1073 tota
1535 992 1677 1062 fere
1725 961 1849 1065 ad
1866 1017 2241 1101 quaestum.

235 1134 302 1185 et
338 1106 628 1184 lucrum
666 1111 911 1198 relata,
966 1112 1240 1185 divitias
1265 1112 1570 1213 quaerit,
1624 1115 1905 1194 divitiae
1942 1123 2233 1227 pariunt

236 1238 494 1331 otium,
550 1237 703 1312 otio
745 1238 915 1312 vitia
955 1238 1282 1365 aluntur,
1316 1239 1566 1345 ⁴otium
1605 1263 1677 1315 et
1707 1269 1896 1349 reges
1923 1250 2123 1353 prius
2162 1274 2234 1327 et

224 1368 475 1467 ,beatas
486 1364 807 1468 perdidit
834 1352 1059 1437 urbes,
1096 1376 1158 1459 1)
1228 1365 1646 1441 Prudenter
1691 1374 1932 1446 Caesar
1964 1378 2030 1469 ²)
2068 1376 2234 1453 ideo

236 1495 461 1594 Belgas
506 1492 696 1564 inter
728 1480 997 1565 Galliae
1045 1492 1310 1566 incolas
1363 1495 1786 1603 fortissimos¹
1835 1525 1981 1574 esse
2025 1501 2233 1594 dicit,
2295 1584 2300 1589 ,

239 1623 427 1722 quod
472 1619 769 1693 minime
818 1618 905 1692 ad
951 1645 1072 1692 eos
1130 1631 1545 1695 mercatores
1587 1598 1985 1703 commeent
2023 1598 2250 1731 atque

236 1775 339 1838 ea,
392 1775 575 1849 quae
620 1748 708 1820 ad
753 1745 1258 1859 effeminandos
1290 1748 1562 1871 animos
1618 1752 2049 1865 pertineant,
2098 1757 2235 1837 im..

239 1898 547 1978 portent,
644 1875 901 1947 Nullus
961 1895 1205 1947 contra
1285 1872 1364 1945 in
1424 1862 1596 1947 tota
1679 1880 1970 1953 Graecia
2034 1882 2235 1959 locus
2273 1866 2277 1870 ι

239 2001 412 2075 item
460 2024 540 2074 ut
584 2002 967 2075 Corinthus
1027 1999 1374 2075 adfluebat
1419 2001 1617 2074 omni
1649 1990 1908 2092 omnis
1960 2013 2286 2108 generis--

194 2182 199 2186 -
246 2105 675 2233 voluptatum
706 2114 1263 2227 deliciarumque
1304 2122 1796 2203 instrumento.
1839 2139 1938 2205 J
1942 2160 2066 2206 ure
2104 2135 2236 2238 igi-

240 2278 349 2330 tur
394 2260 543 2401 jam
569 2258 816 2337 Cicero
850 2256 1021 2331 vitia
1051 2255 1225 2328 situs
1258 2234 1597 2329 maritimi
1627 2255 2043 2363 enumerans
2074 2285 2235 2337 ante

236 2387 472 2462 omnia
495 2379 591 2462 iis
607 2384 930 2459 adcenset
962 2383 1436 2497 corruptelam
1476 2376 1548 2456 et
1574 2384 2040 2463 mutationem
2077 2416 2233 2488 mo·

237 2545 390 2589 rum
408 2570 429 2610 ‚
484 2532 836 2637 praeterea
875 2511 1339 2615 cupiditatem
1394 2511 1843 2634 excurrendi,
1906 2499 2229 2616 vagandi,
2245 2524 2247 2526 ’

237 2672 463 2760 eoque
517 2631 690 2717 adeo
738 2639 1096 2745 procedit,
1158 2659 1242 2712 ut
1252 2619 1816 2779 perversionem
1904 2637 2233 2719 Corinthi
2291 2665 2302 2672 ·

235 2772 357 2847 diu
398 2767 836 2890 labefactatae
878 2795 971 2841 ex
1014 2767 1148 2840 illo
1199 2763 1465 2839 civium
1525 2790 1760 2839 errore
1803 2790 1875 2842 et
1934 2768 2228 2875 dissipa-

238 2901 428 2976 tione
484 2899 724 2987 ducat,
777 2893 1033 2997 quod
1013 2921 1094 2966 ιιι
1149 2891 1293 2964 suis
1327 2865 1610 2964 sedibus
1652 2916 1802 2964 non
1838 2894 2190 2971 haeserint
2204 2950 2226 2984 ,
2261 2999 2266 3004 ¹

236 3030 352 3105 sed
390 3006 668 3103 volucri
709 3027 985 3125 semper
1019 3045 1143 3125 spe
1180 3039 1254 3092 et
1293 3016 1717 3129 cogitatione
1745 3045 1785 3090 a
1822 3004 2039 3093 domo
2068 3021 2257 3112 lon-f
2303 3083 2306 3100 .

38 3251 41 3260 Ι
152 3190 159 3196 ·
234 3156 405 3281 gius
455 3153 637 3271 rapti
694 3174 905 3253 atque
961 3147 1206 3222 etiam
1228 3172 1397 3221 cum
1446 3144 1842 3219 manserint
1893 3145 2223 3251 corpore,

133 3353 137 3358 .
234 3283 470 3357 animo
496 3304 727 3355 tamen
753 3276 972 3379 vagati
1001 3295 1073 3350 et
1109 3283 1434 3375 agrorum
1462 3293 1534 3345 et
1560 3298 1918 3346 armorum
1950 3266 2226 3379 cultum
2281 3267 2285 3272 ’

236 3411 671 3512 reliquerint.
677 3410 740 3503 ³)
786 3402 1098 3480 Luxuria
1126 3401 1319 3475 enim
1364 3398 1895 3501 relanguescunt
1912 3397 2130 3478 animi
2156 3422 2229 3476 et

312 3595 386 3754 ει
420 3585 956 3665 ⁶2
997 3670 1124 3747 ..2

312 3760 376 3834 ³)
415 3755 500 3821 de
540 3778 656 3841 rep
656 3751 792 3818 ubl.
836 3756 926 3831 11,
964 3761 1030 3832 4
1062 3774 1142 3837 p.
1198 3748 1333 3813 128
1360 3765 1501 3833 sqq.
1562 3742 1668 3814 cd.
1713 3709 1874 3813 Mat
1911 3749 1995 3814 cf.
2017 3748 2224 3814 Plato

346 3835 353 3842 ’
480 3840 563 3904 de
587 3842 774 3921 legg.
796 3838 918 3909 lv,
962 3834 1104 3977 1621
1111 3855 1238 3934 sq
1300 3769 1480 3908 ΧΙῗ,
1506 3841 1649 3913 ι944
1694 3830 1800 3894 ed
1842 3831 1983 3918 Bip
2030 3855 2223 3923 quem

474 3923 722 3987 Tullius
765 3942 918 4007 piae
958 3916 1159 3983 oculis
1201 3910 1494 3978 habuisse
1533 3912 1809 3977 videtur.
1929 3931 1934 3937 ’

1217 4030 1275 4096 C
2032 4061 2039 4073 ·
2120 4049 2227 4096 re-
