2850 4895
640 1088 1919 1258 rRooEM1UM

293 1606 533 1734 Cum
583 1677 817 1728 nostra
865 1680 1082 1731 aetate
1132 1663 1341 1735 multi
1393 1664 1568 1746 sint,
1633 1659 1760 1759 qui
1823 1658 2101 1731 tandem
2176 1657 2288 1728 hi-

288 1781 543 1854 storiae
577 1783 664 1855 ad
692 1783 1178 1882 antiquissima
1206 1809 1523 1890 tempora
1551 1785 1933 1890 recedentis
1968 1812 2288 1888 perscru-

287 1900 628 1980 tationem
706 1910 1241 2011 relinquendam
1265 1968 1285 2002 ,
1377 1913 1834 2011 virorumque
1913 1912 2288 1985 doctorum

245 2122 251 2135 Ι
297 2060 574 2145 operam
623 2037 709 2109 ad
760 1992 1070 2138 giaviora
1119 2038 1657 2149 eonvertendam
1707 2066 1852 2112 esse
1895 2040 2284 2123 clamitent,

232 2146 241 2151 ¹
291 2162 485 2262 quod
534 2192 621 2237 ex
655 2166 791 2239 ‘illa
841 2192 1073 2267 neque
1120 2170 1431 2241 multum
1480 2169 1723 2241 salutis
1750 2166 1951 2240 nobis
1971 2189 2285 2237 emanare

283 2293 520 2390 neque
565 2292 717 2396 ipsa
779 2323 1093 2396 unquam
1140 2296 1226 2396 ad
1277 2295 1635 2394 liquidum
1686 2276 1978 2398 perduci
2029 2289 2283 2396 possit,

280 2419 616 2519 equidem
663 2421 816 2525 ipse
863 2423 1264 2527 periculum
1317 2428 1535 2498 faeere
1585 2422 1920 2496 constitui
1947 2477 1968 2509 ‚
2018 2447 2196 2494 num
2244 2447 2283 2491 e

280 2548 547 2649 mythis
584 2549 1071 2656 *dispersisque
1105 2553 1393 2659 ¹nuntiis
1441 2551 1863 2630 historicum
1926 2548 2284 2648 quoddam
2352 2529 2360 2542 ⁴

280 2676 817 2751 fundamentum
867 2682 1021 2752 erui
1075 2681 1332 2784 possit,
1384 2707 1473 2752 an
1525 2649 1792 2751 diuiius
1831 2678 1906 2748 in
1934 2676 2047 2747 his
2080 2679 2283 2748 rebus

281 2804 531 2877 versari
584 2831 834 2907 operae
884 2809 1196 2909 pretium
1247 2781 1395 2880 non
1446 2805 1572 2894 sit,
1624 2805 2088 2901 historieique
2138 2824 2284 2873 stu-

281 2931 404 3005 dio
431 2933 829 3031 indignum
878 2935 1120 3009 debeat
1167 2934 1424 3010 haberi.
1530 2938 1683 3005 Hoc
1744 2930 2064 3016 consiliO,
2117 2955 2280 3000 cum

278 3061 365 3134 ad
420 3061 751 3135 doctoris
824 3063 1319 3166 philosophiae
1382 3064 1692 3135 honores
1766 3059 1899 3131 rite
1959 3044 2317 3169 obtinens

218 3187 407 3260 dos
489 3187 782 3292 scriptio
861 3190 1095 3291 aliqua
1179 3192 1358 3263 mihi
1429 3195 1603 3264 ess'et
1686 3185 2100 3288 evulganda,
2192 3175 2300 3254 de*

278 3338 475 3417 parte
534 3316 830 3415 quadam
872 3318 1213 3390 ‘historiae
1267 3322 1698 3390 Graecorum
1748 3311 2281 3413 antiquissimae

280 3445 517 3515 omnia
600 3467 914 3517 veterum
985 3446 1412 3549 scriptorum
1484 3444 1882 3519 testimonia
1950 3439 2281 3537 colligere

279 3596 357 3642 ac
402 3571 780 3673 disponere
804 3572 1080 3658 studui,
1133 3601 1172 3645 e
1205 3575 1463 3672 quibus
1511 3600 1687 3673 quae
1728 3598 1995 3644 summa
2028 3566 2279 3651 redeat,

279 3697 624 3771 lectorum
697 3700 1047 3773 iudicium
1111 3701 1528 3802 praeripere
1610 3702 1800 3772 nolo.
1865 3745 1969 3760 --
2016 3695 2086 3766 Si
2153 3693 2280 3802 qui

280 3828 457 3898 forte
483 3881 503 3912 ‚
590 3855 702 3900 me
774 3830 1062 3902 nonnisi
1140 3813 1607 3926 fragmentum
1675 3825 1946 3897 dedisse
2012 3823 2282 3908 dicant,

280 3953 624 4054 pluraque
674 3957 1106 4043 desiderent,
1172 3957 1395 4031 multa
1445 3954 1523 4026 in
1558 3953 1828 4024 schedis
1879 3952 2055 4044 meis
2106 3971 2318 4022 rese·n

1276 4097 1302 4122 ⁴·
1323 4090 1382 4158 A
2098 4077 2281 4148 disse

2065 4297 2094 4307 -κ
