2850 4895
1295 290 1399 357 VI.

336 412 628 485 Graecis
678 404 953 484 'similia
1030 409 1352 484 habuisse
1433 410 1782 497 videatur,
1875 404 2000 519 liis
2071 413 2351 483 fortasse

337 566 484 612 non
537 540 726 611 nihil
775 539 956 611 lucis
1004 541 1243 612 afferre
1292 561 1543 642 potest.
1598 588 1703 605 ..-

538 667 719 740 Mihi
771 666 992 765 igitur
1041 667 1682 770 circumspicienti5
1743 652 2085 768 quaenam
2134 672 2349 741 Grae-

334 809 617 866 corum?
656 793 896 866 civitas
974 794 1365 898 interprete
1422 774 1897 899 potissimum
1965 794 2342 894 indigeret,

280 976 285 981 .
334 921 536 993 nulla
584 921 992 994 accuratiori
1032 923 1437 996 tractatione
1467 924 1752 1023 dignior
1768 924 1910 1019 visa
1946 946 2079 1009 est,
2133 951 2345 1024 quam

336 1047 498 1120 Cori
506 1046 803 1121 nthiaca.
895 1049 1185 1144 Quodsi
1235 1051 1427 1125 enim
1477 1050 1792 1138 AtheniS‚
1842 1050 2341 1131 Lacedaemoni

336 1199 403 1249 et
468 1177 669 1276 Argis
730 1178 993 1281 primas
1056 1180 1243 1251 inter
1311 1181 1620 1251 Graecos
1684 1178 2009 1252 tribueris
2073 1200 2340 1281 parteS,

335 1305 718 1377 Corinthus
786 1305 930 1379 sive
997 1305 1190 1377 urbis
1253 1303 1706 1406 splendorem
1765 1325 1837 1378 et
1917 1305 2341 1407 reipublicae

317 1433 767 1528 gravitatem,
819 1428 964 1505 sive
982 1432 1239 1505 artium
1278 1435 1530 1505 famam
1558 1431 2001 1535 spectaveriS‚
2031 1434 2160 1505 etsi
2190 1459 2340 1505 eam

334 1561 577 1631 ceteris
647 1560 1113 1662 praeripuisse
1175 1562 1479 1664 palmam
1542 1560 1775 1634 dicere
1847 1560 2033 1632 nolis
2056 1614 2075 1643 ‚
2151 1557 2340 1631 haud

336 1687 468 1757 ulli
520 1709 705 1759 certe
755 1687 1149 1779 civitatium
1196 1688 1564 1763 nobilitate
1619 1688 2064 1792 postferenda
2114 1711 2236 1761 esu

531 1797 682 1889 Sed·
713 1841 861 1915 quo
911 1815 1130 1913 magis
1196 1813 1297 1886 rei
1360 1812 1714 1920 susceptae
1791 1802 2192 1917 gravitatem
2260 1843 2339 1889 ac

231 1986 250 2010 t
342 1958 774 2015 momentum
851 1943 1197 2042 intelligo,
1265 1967 1352 2014 eo
1403 1943 1621 2041 magis
1672 1943 2044 2017 difficultas
2095 1945 2192 2016 rei
2268 1966 2339 2015 et

343 2095 643 2171 mearum
691 2068 951 2143 virium
1002 2070 1302 2144 tenuitas
1351 2070 1687 2171 timidum
1722 2096 1836 2142 me
1877 2068 2136 2155 reddit,
2187 2072 2336 2141 ani-

333 2223 631 2296 musque
680 2223 879 2268 meus
937 2199 1256 2296 angitur,
1321 2225 1413 2271 ne
1457 2197 1624 2284 viri,
1693 2224 2002 2297 quorum
2069 2182 2350 2300 propo-¹

331 2316 441 2395 sui
480 2301 813 2410 nomina,
863 2325 1158 2399 moleste
1207 2328 1465 2412 ferant,
1519 2352 1594 2397 se
1640 2327 1850 2399 talem
1900 2347 2140 2398 nactos
2190 2350 2334 2397 esse

262 2434 269 2443 ¹
332 2429 850 2540 assectatorem‚
903 2453 1186 2556 ipsique
1237 2453 1774 2527 Corinthiorum
1822 2428 2141 2526 veterum
2190 2479 2333 2524 ma·

330 2606 452 2651 nes
501 2582 723 2654 alium
772 2582 939 2657 sibi
957 2604 1336 2684 precentur
1384 2580 1892 2682 magnitudinis
1941 2607 2102 2652 suae
2135 2605 2334 2682 prae-

330 2734 597 2782 eonem.
702 2712 792 2781 At
840 2736 930 2781 ne
982 2689 1239 2808 longus
1287 2710 1422 2785 sim
1479 2710 1559 2782 in
1599 2707 2024 2793 excusando,
2073 2704 2330 2778 Ariosti

260 2903 265 2916 ,
331 2836 642 2932 (Orland.
699 2841 831 2910 fur.
887 2843 942 2924 1,
993 2859 1074 2909 st.
1131 2840 1231 2935 2)
1274 2840 1521 2925 verba,
1574 2836 1633 2907 si
1663 2862 1912 2935 magna
1945 2833 2115 2945 licet
2140 2858 2333 2904 com-

294 2990 592 3067 ponere
642 2966 871 3067 parvis
892 3020 909 3049 ,
977 2963 1064 3035 ad
1126 2992 1351 3038 meam
1412 2991 1687 3048 causam
1749 2960 2327 3036 accommodabo:

424 3145 433 3155 ·
476 3093 578 3165 Ne
625 3091 757 3164 che
806 3119 991 3194 poco
1044 3090 1118 3164 io
1167 3094 1236 3167 vi
1287 3093 1403 3169 dia
1453 3093 1540 3166 da
1591 3094 1902 3194 imputar
1949 3114 2160 3176 sono,
2241 3160 2250 3167 ,

477 3220 624 3292 Che
675 3242 963 3322 quantox
986 3220 1061 3292 io
1098 3246 1323 3324 ³posso
1373 3220 1534 3307 dar,
1584 3242 1774 3309 tutto
1824 3219 1892 3291 vi
1943 3218 2280 3291 donc...-

423 3422 813 3501 Scribebam
859 3421 1278 3497 Darmstadii
1327 3449 1565 3496 mense
1613 3420 1978 3495 Deccmbri
2042 3422 2248 3500 1824.

949 3721 1693 3753 ψ

1293 4071 1299 4077 ,
1374 4008 1433 4075 Α
1489 4021 1529 4074 2
2008 4003 2218 4070 CAP.
2274 3999 2326 4065 I.
