2850 4895
1295 365 1430 397 .--
1533 324 1625 394 40
1730 340 1864 382 -·

627 531 634 538 ,
672 503 679 509 -
782 455 924 526 Tot
971 447 1325 548 tantisque
1361 473 1510 520 non
1549 446 1767 520 modo
1804 455 2170 551 poetarum
2196 443 2332 522 sed
2380 448 2624 524 etiam

462 670 468 687 .
583 579 1236 723 probatissimorum
1296 574 1803 648 historicorum
1872 575 2294 685 testimoniis
2373 577 2620 667 fidem

586 731 870 819 negare,
921 706 1061 779 nisi
1112 728 1198 778 ex
1248 702 1748 808 repugnantiae
1783 703 2006 779 causis
2032 703 2329 805 aliisque
2367 728 2623 806 aeque

586 833 907 938 gravibus
968 833 1146 907 locis
1212 830 1609 906 refutentur
1626 886 1646 918 ,
1724 831 2109 931 arrogantis
2175 854 2321 904 esse
2383 854 2614 936 puto.
2667 838 2674 847 “

587 971 832 1066 Neque
881 984 1114 1035 tamen
1165 958 1454 1047 desunt,
1509 951 1673 1059 qui,
1725 981 1817 1031 ne
1861 957 2132 1031 creduli
2182 959 2615 1048 videantur,

586 1117 767 1167 nova
814 1088 1271 1171 commentari
1335 1115 1550 1190 quam
1615 1085 1873 1167 auditis
1934 1081 2267 1160 adsentiri
2316 1088 2617 1162 malint.

447 1260 464 1279 ν
584 1228 669 1294 In
719 1219 833 1295 his
896 1226 1222 1291 Mannert
1281 1216 1394 1290 vir
1442 1218 1555 1305 cl.,
1606 1216 1807 1317 cujus
1873 1215 2122 1289 merita
2182 1208 2619 1289 deminuere

583 1374 822 1450 neque
881 1347 1046 1420 volo
1095 1369 1331 1445 neque
1379 1371 1708 1448 possum,
1771 1345 1850 1417 in
1899 1344 1946 1416 l.
1998 1344 2049 1418 l.
2099 1343 2237 1426 vol.
2289 1349 2464 1421 VIII.
2526 1337 2629 1448 p(

577 1473 760 1551 ι557.
830 1473 1147 1573 itemque
1213 1471 1478 1547 Sickler
1538 1472 1616 1544 in
1678 1472 1863 1571 libro
1930 1472 2059 1544 suo
2125 1470 2638 1574 geographico

587 1631 659 1707 p.
720 1604 904 1697 288:
971 1570 1363 1704 Ephyram,
1414 1600 1616 1709 cujus
1675 1598 1944 1672 mentio
1993 1599 2078 1671 fit
2125 1600 2207 1670 ΙΙ.
2259 1604 2369 1686 VI,
2413 1597 2603 1673 ι152.

594 1728 887 1803 eandem
937 1754 1084 1800 esse
1130 1747 1341 1829 atque
1388 1723 1753 1828 antiquam
1819 1726 2260 1800 Corinthum
2305 1752 2628 1869 prorsus„

571 1846 893 1960 negant,
963 1855 1206 1961 potius
1267 1884 1305 1928 a
1353 1850 1651 1958 Pelasgis
1712 1854 2070 1929 conditam
2130 1853 2383 1957 priscis
2454 1855 2601 1956 jam
2637 1856 2684 1962 f

592 1983 1032 2088 temporibus
1080 1982 1474 2077 interiisse,
1523 2011 1563 2055 a
1608 1966 2118 2089 posterioribus
2165 2008 2330 2057 vero
2379 1983 2600 2057 inter·
2655 1986 2660 1993 ’

589 2111 909 2215 pretibus
977 2136 1126 2183 non
1205 2113 1573 2217 secretam
1618 2137 1763 2184 esse
1826 2139 1867 2187 a
1932 2109 2281 2185 Corintho
2298 2166 2346 2199 ,
2389 2110 2591 2210 quod
2661 2128 2674 2135 ’

594 2263 742 2345 quo
804 2237 944 2309 alio
968 2237 1173 2310 -loco·
1221 2264 1373 2310 eam
1430 2239 1888 2331 collocarent,
1968 2238 2344 2313 nescierint
2405 2238 2587 2339 Sisy-

593 2364 934 2469 phusque
1000 2386 1187 2472 certe
1272 2365 1359 2436 ad
1427 2388 1801 2468 utramque
1835 2360 1840 2365 ⁴
1869 2367 2140 2447 urbem'
2194 2359 2595 2439 referendus
2655 2362 2670 2372 ⁴

595 2491 704 2564 sit.
807 2488 1070 2568 Sickler
1102 2505 1523 2595 ‘argumenta
1572 2518 1695 2566 sua
1749 2493 2034 2569 silentio
2095 2494 2600 2599 praetermisit,
2655 2579 2660 2583 .

595 2626 935 2691 Mannert·
968 2619 1139 2693 duas
1199 2623 1473 2724 profcrt
1521 2646 1769 2691 causas.
1871 2619 2190 2692 Primum
2225 2610 2422 2722 quod
2456 2626 2641 2716 ῌο-’

599 2769 836 2817 merus
899 2773 1250 2846 nusquam
1308 2775 1381 2821 se
1444 2746 1783 2850 Ephyren
1848 2743 2282 2849 divitemque
2337 2742 2606 2821 ‘Corin-
2667 2769 2672 2772 ’

534 2881 547 2902 “
602 2873 809 2947 thum
869 2873 1160 2947 eandem
1223 2873 1479 2958 habere
1538 2863 1817 2962 urbem,
1847 2873 1978 2966 „ne
2044 2876 2256 2949 verbo
2307 2874 2606 2974 quidem
2666 2878 2676 2888 '

521 3059 526 3062 .
601 3000 980 3101 significet,
1045 3000 1300 3073 deinde
1348 3004 1547 3101 quod
1595 3003 1933 3107 Ephyren
1960 3012 2350 3100 ‚nunquam
2379 3019 2608 3076 orna·
2680 2997 2693 3009 “

609 3129 753 3202 tius
806 3129 1052 3202 laudet
1111 3128 1327 3228 eique
1381 3130 1679 3203 omnino
1740 3156 1993 3232 parum
2040 3127 2419 3236 'dignitatis
2476 3129 2606 3204 tri-

603 3261 803 3345 buat,
853 3277 924 3330 et
972 3259 1051 3333 in
1102 3257 1184 3329 Il.
1235 3264 1343 3345 VI,
1404 3253 1543 3329 152
1596 3256 1803 3329 aliam
1849 3258 2060 3361 plane
2096 3278 2307 3357 atquc
2341 3256 2428 3329 in
2462 3249 2606 3358 qua

606 3383 989 3476 Corinthus
1015 3384 1165 3484 ⁴sita
1213 3384 1447 3470 fuerit,
1499 3382 1814 3482 designet
1863 3380 2236 3483 regionem.
2343 3385 2624 3468 Contra,

581 3501 961 3614 'Berkelius
1010 3510 1095 3583 ad
1143 3505 1577 3614 Stephanum
1613 3511 1702 3602 *in
1751 3533 1922 3584 voce
1974 3526 2223 3606 Ἐφύρα,
2274 3508 2422 3604 ἰΠσ
2456 3515 2607 3583 Ho-

494 3637 498 3642 ’
610 3636 784 3710 meri
850 3636 1011 3710 loco
1071 3637 1394 3745 apposito
1413 3694 1434 3726 ,
1509 3623 2080 3736 indignabundus
2144 3636 2318 3710 haec
2378 3637 2606 3711 excla-

610 3769 788 3835 mat:
874 3761 1084 3836 ”Dico
1143 3764 1383 3867 ipsum
1434 3763 1662 3840 oculis
1708 3781 1983 3852 carere,
2048 3764 2174 3865 qui
2236 3791 2321 3837 ex
2372 3765 2608 3848 omni-

612 3892 745 3961 bus
811 3888 1357 3964 circumstantiis
1415 3917 1564 3965 non
1612 3890 1954 3994 percipit,
2016 3900 2294 3993 poetam
2327 3890 2468 3963 hic
2515 3891 2608 3965 de

2360 4018 2611 4093 Corin-1
